@book{arlindo,
 address = {Lisboa, Portugal},
 author = {Oliveira, Arlindo},
 note = {ISBN:978-989-848-160-3},
 publisher = {IST Press},
 title = {Mentes Digitais: A CiÃªncia Redefinindo a Humanidade},
 year = {2016}
}

@book{goodfellow,
 address = {Cambridge, MA, EUA},
 author = {Ian Goodfellow and Yoshua Bengio and Aaron Courville},
 note = {ISBN:978-026-203-561-3},
 publisher = {MIT Press},
 title = {Deep Learning},
 year = {2016}
}

@book{nielsen,
  address = {San Francisco, CA, USA},
  author={Nielsen, Michael A},
  note = {ISBN:978-026-203-561-3},
  publisher={Determination Press},
  title={Neural Networks and Deep Learning},
  year={2015}
}

@book{rashid,
 address = {Scotts Valley, CA, USA},
 author = {Rashid, Tariq},
 note = {ISBN:978-153-082-660-5},
 publisher = {CreateSpace Independent Publishing Platform},
 title = {Make Your Own Neural Network},
 year = {2016}
}